@article{Nakamoto_2008,
  author = "Nakamoto, S.",
  title = "Bitcoin: a peer-to-peer electronic cash system",
  year = "2008",
  journal = {https://bitcoin.org/bitcoin.pdf}
}

@article{Buterin_2013,
  author = "Buterin, V.",
  title = "A next generation smart contract and decentralized application platform",
  year = "2013",
  journal = "https://github.com/ethereum/wiki/wiki/White-Paper"
}

@article{Pennock_2001,
  author = "Pennock, D.M. and Lawrence, S. and Giles, C.L. and Nielsen, F.A.",
  title = "The real power of artificial markets",
  year = "2001",
  journal = "Science",
  volume = "291",
  issue = "5506",
  pages = "987--988"
}

@article{Manski_2004,
  author = "Manski, C.",
  title = "Interpreting the Predictions of Prediction Markets",
  year = "2004",
  journal = "NBER Working Paper No.~10359"
}

@article{Wolfers_2005,
  author = "Wolfers, J. and Zitzewitz, E.",
  title = "Interpreting Prediction Market Prices as Probabilities",
  year = "2005",
  journal = "NBER Working Paper No.~10359"
}

@article{Hanson_2006,
  title = "Information aggregation and manipulation in an experimental market",
  author = "Hanson, R. and Oprea, R. and Porter, D.",
  year = "2006",
  journal = "Journal of Economic Behavior \& Organization",
  volume = "60",
  number = "4",
  pages = "449--459",
}

@article{Wolfers_2004,
  author = "Wolfers, J. and Zitzewitz, E.",
  title = "Prediction Markets",
  year = "2004",
  journal = {Journal of Economic Perspectives},
  volume = "18",
  number = "2",
  pages = "107--126"
}

@book{Surowiecki_2005,
  title = {The Wisdom of Crowds},
  author = {Surowiecki, James},
  year = {2005},
  publisher = {Anchor}
}

@inproceedings{Clark_2014,
  title = "On Decentralizing Prediction Markets and Order Books",
  url = "http://www.jbonneau.com/doc/CBEKMN14-WEIS-decentralizing_prediction_markets.pdf",
  booktitle = "WEIS '14: Proceedings of the 10\textsuperscript{th} Workshop on the Economics of Information Security",
  author = "Clark, J. and Bonneau, J. and Felten, E.W. and Kroll, J.A. and Miller, A. and Narayanan, A.",
  month = "June",
  location = "State College, PA, USA",
  year = "2014",
}

@inproceedings{Goel_2010,
  author = "Goel, S. and Reeves, D.M. and Watts, D.J. and Pennock, D.M.",
  title = "Prediction Without Markets",
  booktitle = {Proceedings of the 11th ACM Conference on Electronic Commerce},
  series = {EC '10},
  year = "2010",
  isbn = {978-1-60558-822-3},
  location = "Cambridge, Massachusetts, USA",
  pages = "357--366",
  numpages = "10",
  url = {http://doi.acm.org/10.1145/1807342.1807400},
  doi = {10.1145/1807342.1807400},
  acmid = {1807400},
  publisher = {ACM},
}

@inproceedings{Othman_2010,
  author = "Othman, A. and Sandholm, T.",
  title = "Decision Rules and Decision Markets",
  booktitle = {Proceedings of the 9th International Conference on Autonomous Agents and Multiagent Systems: Volume 1 - Volume 1},
  series = {AAMAS '10},
  year = "2010",
  isbn = {978-0-9826571-1-9},
  location = "Toronto, Canada",
  pages = "625--632",
  numpages = "8",
  url = {http://dl.acm.org/citation.cfm?id=1838206.1838288},
  acmid = {1838288},
  publisher = {International Foundation for Autonomous Agents and Multiagent Systems},
}

@article{Williams_2019,
  author = "Williams, A.K. and Peterson, J.",
  title = "Decentralized Common Knowledge Oracles",
  journal = "Ledger",
  volume = "4",
  pages = "157--190",
  year = "2019",
  url = {https://ledgerjournal.org/ojs/ledger/article/view/166},
  doi = {10.5195/ledger.2019.166},
}
