@article{Wolfers_2004,
  author = {J. Wolfers and E. Zitzewitz},
  title = {Prediction markets},
  journal = {Journal of Economic Perspectives},
  volume = {18},
  number = {2},
  pages = {107--126},
  year = {2004}
}

@book{Surowiecki_2005,
  author = {James Surowiecki},
  title = {The Wisdom of Crowds},
  publisher = {Anchor},
  year = {2005}
}

@article{Hanson_2006,
  author = {R. Hanson and R. Oprea and D. Porter},
  title = {Information aggregation and manipulation in an experimental mar-\linebreak ket},
  journal = {Journal of Economic Behavior \& Organization},
  volume = {60},
  number = {4},
  pages = {449--459},
  year = {2006}
}

@article{Pennock_2001,
  author = {D.M. Pennock and S. Lawrence and C.L. Giles and F.A. Nielsen},
  title = {The real power of artificial markets},
  journal = {Science},
  volume = {291},
  pages = {987--\linebreak 988},
  year = {2001}
}

@article{Manski_2004,
  author = {C. Manski},
  title = {Interpreting the predictions of prediction\linebreak markets},
  journal = {NBER Working Paper No. 10359},
  year = {2004}
}

@article{Wolfers_2005,
  author = {J. Wolfers and E. Zitzewitz},
  title = {Interpreting prediction\linebreak market prices as probabilities},
  journal = {NBER Working Paper No. 10359},
  year = {2005}
}

@inproceedings{Goel_2010,
  author = {S. Goel and D.M. Reeves and D.J. Watts and D.M. Pennock},
  title = {Prediction without markets},
  booktitle = {Proceedings of the 11th ACM Conference on Electronic Commerce, EC'10},
  pages = {357--366},
  publisher = {ACM},
  year = {2010}
}

@misc{Nakamoto_2008,
  author = {S. Nakamoto},
  title = {Bitcoin: a peer-to-peer electronic cash sys-\linebreak tem},
  howpublished = {\url{https://bitcoin.org/bitcoin.pdf}},
  year = {2008}
}

@misc{Buterin_2013,
  author = {V. Buterin},
  title = {A next generation smart con-\linebreak tract and decentralized application platform},
  howpublished = {\url{https://github.com/ethereum/wiki/wiki/White-Paper}},
  year = {2013}
}

@inproceedings{Clark_2014,
  author = {J. Clark and J. Bonneau and E.W. Felten and J.A. Kroll and A. Miller and A. Narayanan},
  title = {On decentralizing prediction mar-\linebreak kets and order books},
  booktitle = {WEIS '14: Proceedings of the 10th Workshop on the Economics of Information Secu-\linebreak rity},
  month = {June},
  year = {2014}
}

@inproceedings{Othman_2010,
  author = {A. Othman and T. Sandholm},
  title = {Decision rules and de-\linebreak cision markets},
  booktitle = {Proceedings of the 9th International Conference on Autonomous Agents and Multiagent Sys-\linebreak tems: Volume 1 - Volume 1},
  series = {AAMAS '10},
  pages = {625--\linebreak 632},
  publisher = {International Foundation for Autonomous Agents and Multiagent Systems},
  year = {2010}
}

@misc{Peterson_2014,
  author = {J. Peterson and J. Krug},
  title = {Augur: a decentral-\linebreak ized, open-source platform for prediction markets},
  howpublished = {arXiv:1501.01042v1 [cs.CR]},
  month = {11},
  year = {2014}
}